@InProceedings{buchegger:peerson,
       author =    "Sonja Buchegger and Doris Schi{\"{o}}berg and Le Hung Vu and Anwitaman Datta",
       title =     "{PeerSoN: P2P} Social Networking - Early Experiences and Insights},
       pages =     "",
       booktitle = "Proceedings of the Second ACM Workshop on Social Network Systems Social Network Systems 2009, co-located with Eurosys 2009",
       address =   "N{\"{u}}rnberg, Germany",
       year =      "2009",
       month =     "March 31,"
} 
