@Misc{OPENSOURCE,
  key = {OPENSOURCE},
  title =	{Open Source},
  howpublished = {\url{http://www.opensource.org/}}
}


@Misc{url_google+_25million,
  key = {url_google+_25million},
  title =        {Google+ Hits 25 Million Visitors; Users Are Spending More Time There.},
  year = 2011,
  month =     "2 de Agosto,",
  howpublished =
{\url{http://mashable.com/2011/08/02/google-plus-25-million-visitors/}}
}

@Misc{url_comscore_google+,
  key = {url_comscore_google+},
  title = {Google+ Draws 25 Million Visitors in a Month, ComScore Says},
  year = 2011,
  month =     "3 de Agosto,",
  howpublished =
{\url{http://www.ip6net.net/index.php/news}}
}


@Misc{bittorrent,
  key = {bittorrent},
  title = {BitTorrent protocol specification v1.0.},
  year = 2006,
  month =     "12 de Septiembre,",
  howpublished =
{\url{http://wiki.theory.org/BitTorrentSpecification}}
}

@Misc{oai:CiteSeerXPSU:10.1.1.61.7302,
  title =   "Gnutella: Distributed System",
  author =  "For Information Storage and O R. A. Bordignon and
         Gabriel H. Tolosa and Divisi{\'o}n Estad{\'i}stica Y
         Sistemas",
  year =    "2008",
  bibsource =   "OAI-PMH server at citeseerx.ist.psu.edu",
  contributor =  "CiteSeerX",
  description =  "This document describes a new application protocol
         named Gnutella, which is destined to information
         storage and searching in distributed environments,
         working with the peer-to-peer network concept.",
  language =    "en",
  oai =     "oai:CiteSeerXPSU:10.1.1.61.7302",
  relation =    "10.1.1.10.4919; 10.1.1.12.6173",
  rights =  "Metadata may be used without restrictions as long as
         the oai identifier remains attached to it.",
  URL =     "http://citeseerx.ist.psu.edu/viewdoc/summary?doi=10.1.1.61.7302;
         http://www.tyr.unlu.edu.ar/TYR-publica/paper-final-gnutella-english-v2.pdf",
}

@Misc{diaspora,
  key = {diaspora},
  title = {A little more about the project.},
  year = 2010,
  month =     "April 21",
  howpublished =
{\url{http://blog.joindiaspora.com/2010/04/21/a-little-more-about-the-project.html}}
}

@Misc{webfinger,
  key = {webfinger},
  title = {Webfinger Protocol},
  year = 2010,
  month =     "January 11",
  howpublished =
{\url{http://code.google.com/p/webfinger/wiki/WebFingerProtocol}}
}

@Misc{diaspora_federation,
  key = {diaspora_federation},
  title = {Diaspora's Federation Protocol},
  year = 2011,
  month =     "November 7",
  howpublished =
{\url{http://code.google.com/p/webfinger/wiki/WebFingerProtocol}}
}
